@inproceedings{AkyonKalfaoglu2019,
  title = {Instagram Fake and Automated Account Detection},
  booktitle = {2019 {{Innovations}} in Intelligent Systems and Applications Conference ({{ASYU}})},
  author = {Akyon, Fatih Cagatay and Kalfaoglu, M. Esat},
  date = {2019},
  pages = {1--7},
  publisher = {IEEE},
  isbn = {1-72812-868-4}
}

@inproceedings{AlharbiEtAl2022,
  title = {Security in {{Social-Media}}: {{Awareness}} of {{Phishing Attacks Techniques}} and {{Countermeasures}}},
  shorttitle = {Security in {{Social-Media}}},
  booktitle = {2022 2nd {{International Conference}} on {{Computing}} and {{Information Technology}} ({{ICCIT}})},
  author = {Alharbi, Amera and Alotaibi, Afnan and Alghofaili, Lujain and Alsalamah, Mona and Alwasil, Nora and Elkhediri, Salim},
  date = {2022-01},
  pages = {10--16},
  doi = {10.1109/ICCIT52419.2022.9711640},
  url = {https://ieeexplore.ieee.org/document/9711640},
  urldate = {2024-03-10},
  eventtitle = {2022 2nd {{International Conference}} on {{Computing}} and {{Information Technology}} ({{ICCIT}})}
}

@article{AltunbeyOzbayAlatas2019,
  title = {A {{Novel Approach}} for {{Detection}} of {{Fake News}} on {{Social Media Using Metaheuristic Optimization Algorithms}}},
  author = {Altunbey Ozbay, Feyza and Alatas, Bilal},
  date = {2019},
  journaltitle = {Elektronika ir elektrotechnika},
  volume = {25},
  number = {4},
  pages = {62--67},
  publisher = {{Kaunas University of Technology, Faculty of Telecommunications and Electronics}},
  issn = {1392-1215},
  doi = {10.5755/j01.eie.25.4.23972},
  langid = {english}
}

@article{ArabAlfi2015,
  title = {An Adaptive Gradient Descent-Based Local Search in Memetic Algorithm Applied to Optimal Controller Design},
  author = {Arab, Aliasghar and Alfi, Alireza},
  date = {2015-04-01},
  journaltitle = {Information Sciences},
  shortjournal = {Information Sciences},
  volume = {299},
  pages = {117--142},
  issn = {0020-0255},
  doi = {10.1016/j.ins.2014.11.051},
  url = {https://www.sciencedirect.com/science/article/pii/S0020025514011621},
  urldate = {2024-05-13}
}

@book{CapinskiKopp2004,
  title = {Measure, Integral and Probability},
  author = {Capi\'nski, Marek and Kopp, Peter Ekkehard},
  date = {2004},
  volume = {14},
  publisher = {Springer}
}

@book{CottaEtAl2018,
  title = {Memetic Algorithms},
  author = {Cotta, C. and Mathieson, L. and Moscato, P.},
  date = {2018-08-13},
  url = {https://opus.lib.uts.edu.au/handle/10453/132083},
  urldate = {2024-04-17},
  isbn = {978-3-319-07123-7}
}

@article{CottaMoscato2003,
  title = {The K-{{FEATURE SET}} Problem Is {{W}}[2]-Complete.},
  author = {Cotta, Carlos and Moscato, Pablo},
  date = {2003},
  journaltitle = {J. Comput. Syst. Sci.},
  shortjournal = {J. Comput. Syst. Sci.},
  volume = {67},
  number = {4},
  pages = {686--690},
  doi = {10.1016/S0022-0000(03)00081-3},
  url = {https://doi.org/10.1016/S0022-0000(03)00081-3}
}

@inproceedings{DaviesRussell1994,
  title = {{{NP-completeness}} of Searches for Smallest Possible Feature Sets},
  author = {Davies, Scott and Russell, Stuart},
  date = {1994},
  pages = {37--39},
  publisher = {AAAI Press Menlo Park},
  eventtitle = {{{AAAI Symposium}} on {{Intelligent Relevance}}}
}

@inproceedings{EkosputraEtAl2021,
  title = {Supervised {{Machine Learning Algorithms}} to {{Detect Instagram Fake Accounts}}},
  booktitle = {2021 4th {{International Seminar}} on {{Research}} of {{Information Technology}} and {{Intelligent Systems}} ({{ISRITI}})},
  author = {Ekosputra, Michael Jonathan and Susanto, Angela and Haryanto, Ferdiana and Suhartono, Derwin},
  date = {2021},
  pages = {396--400},
  publisher = {IEEE},
  location = {Piscataway},
  doi = {10.1109/ISRITI54043.2021.9702833},
  isbn = {978-1-66540-151-7},
  langid = {english}
}

@article{EvansEtAl2019,
  title = {Genetic {{Programming}} and {{Gradient Descent}}: {{A Memetic Approach}} to {{Binary Image Classification}}},
  shorttitle = {Genetic {{Programming}} and {{Gradient Descent}}},
  author = {Evans, Benjamin Patrick and Al-Sahaf, Harith and Xue, Bing and Zhang, Mengjie},
  date = {2019},
  journaltitle = {arXiv.org},
  publisher = {Cornell University Library, arXiv.org},
  location = {Ithaca},
  issn = {2331-8422},
  doi = {10.48550/arxiv.1909.13030},
  langid = {english}
}

@book{EvansEtAl2019b,
  title = {Genetic {{Programming}} and {{Gradient Descent}}: {{A Memetic Approach}} to {{Binary Image Classification}}},
  shorttitle = {Genetic {{Programming}} and {{Gradient Descent}}},
  author = {Evans, Benjamin and Al-Sahaf, Harith and Xue, Bing and Zhang, Mengjie},
  date = {2019-09-28}
}

@article{EzarfelixEtAl2022,
  title = {Systematic {{Literature Review}}: {{Instagram Fake Account Detection Based}} on {{Machine Learning}}},
  shorttitle = {Systematic {{Literature Review}}},
  author = {Ezarfelix, Juandreas and Jeffrey, Nathannael and Sari, Novita},
  date = {2022-02-05},
  journaltitle = {Engineering, MAthematics and Computer Science (EMACS) Journal},
  shortjournal = {Engineering, MAthematics and Computer Science (EMACS) Journal},
  volume = {4},
  pages = {25--31},
  doi = {10.21512/emacsjournal.v4i1.8076}
}

@inproceedings{HaqueEtAl2017,
  title = {A Memetic Algorithm for Community Detection by Maximising the Connected Cohesion},
  booktitle = {2017 {{IEEE Symposium Series}} on {{Computational Intelligence}} ({{SSCI}})},
  author = {Haque, Mohammad Nazmul and Mathieson, Luke and Moscato, Pablo},
  date = {2017-11},
  pages = {1--8},
  doi = {10.1109/SSCI.2017.8285404},
  url = {https://ieeexplore.ieee.org/document/8285404},
  urldate = {2024-03-30},
  eventtitle = {2017 {{IEEE Symposium Series}} on {{Computational Intelligence}} ({{SSCI}})}
}

@article{HarishEtAl2023,
  title = {Fake {{Profile Detection Using Machine Learning}}},
  author = {Harish, K. and Kumar, R. and Bell J, Briso Becky},
  date = {2023-04-10},
  journaltitle = {International Journal of Scientific Research in Science, Engineering and Technology},
  shortjournal = {International Journal of Scientific Research in Science, Engineering and Technology},
  pages = {719--725},
  doi = {10.32628/IJSRSET2310264}
}

@article{KaushikEtAl2022,
  title = {A Novel Machine Learning-Based Framework for Detecting Fake {{Instagram}} Profiles},
  author = {Kaushik, Keshav and Bhardwaj, Akashdeep and Kumar, Manoj and Gupta, Dr Sachin and Gupta, Abhishek},
  date = {2022-10-01},
  journaltitle = {Concurrency and Computation Practice and Experience},
  shortjournal = {Concurrency and Computation Practice and Experience},
  volume = {34},
  pages = {7349},
  doi = {10.1002/cpe.7349}
}

@article{LuoEtAl2022,
  title = {A Particle Swarm Optimization Based Multiobjective Memetic Algorithm for High-Dimensional Feature Selection},
  author = {Luo, Juanjuan and Zhou, Dongqing and Jiang, Lingling and Ma, Huadong},
  date = {2022-03-01},
  journaltitle = {Memetic Computing},
  shortjournal = {Memetic Comp.},
  volume = {14},
  number = {1},
  pages = {77--93},
  issn = {1865-9292},
  doi = {10.1007/s12293-022-00354-z},
  url = {https://doi.org/10.1007/s12293-022-00354-z},
  urldate = {2024-03-30},
  langid = {english}
}

@incollection{MathiesonEtAl2017,
  title = {Computer-{{Aided Breast Cancer Diagnosis}} with {{Optimal Feature Sets}}: {{Reduction Rules}} and {{Optimization Techniques}}},
  shorttitle = {Computer-{{Aided Breast Cancer Diagnosis}} with {{Optimal Feature Sets}}},
  booktitle = {Bioinformatics},
  author = {Mathieson, Luke and Mendes, Alexandre and Marsden, John and Pond, Jeffrey and Moscato, Pablo},
  date = {2017},
  pages = {299--325},
  publisher = {Humana Press, New York, NY},
  issn = {1940-6029},
  doi = {10.1007/978-1-4939-6613-4_17},
  url = {https://link.springer.com/protocol/10.1007/978-1-4939-6613-4_17},
  urldate = {2024-04-14},
  isbn = {978-1-4939-6613-4},
  langid = {english}
}

@incollection{NaeniSalehipour2021,
  title = {Heuristic {{Solutions}} for the \$\$\{(\textbackslash alpha , \textbackslash beta )\}\$\$-k {{Feature Set Problem}}},
  booktitle = {Heuristics for {{Optimization}} and {{Learning}}},
  author = {Naeni, Leila M. and Salehipour, Amir},
  editor = {Yalaoui, Farouk and Amodeo, Lionel and Talbi, El-Ghazali},
  date = {2021},
  pages = {139--150},
  publisher = {Springer International Publishing},
  location = {Cham},
  doi = {10.1007/978-3-030-58930-1_9},
  url = {https://doi.org/10.1007/978-3-030-58930-1_9},
  urldate = {2024-05-16},
  isbn = {978-3-030-58930-1},
  langid = {english}
}

@article{PedregosaEtAl2011,
  title = {Scikit-Learn: {{Machine Learning}} in {{Python}}},
  shorttitle = {Scikit-Learn},
  author = {Pedregosa, Fabian and Varoquaux, Ga\"el and Gramfort, Alexandre and Michel, Vincent and Thirion, Bertrand and Grisel, Olivier and Blondel, Mathieu and Prettenhofer, Peter and Weiss, Ron and Dubourg, Vincent and Vanderplas, Jake and Passos, Alexandre and Cournapeau, David and Brucher, Matthieu and Perrot, Matthieu and Duchesnay, \'Edouard},
  date = {2011},
  journaltitle = {Journal of Machine Learning Research},
  volume = {12},
  number = {85},
  pages = {2825--2830},
  issn = {1533-7928},
  url = {http://jmlr.org/papers/v12/pedregosa11a.html},
  urldate = {2024-05-16}
}

@article{PurbaEtAl2020,
  title = {Classification of Instagram Fake Users Using Supervised Machine Learning Algorithms},
  author = {Purba, Kristo Radion and Asirvatham, David and Murugesan, Raja Kumar},
  date = {2020},
  journaltitle = {International journal of electrical and computer engineering (Malacca, Malacca)},
  volume = {10},
  number = {3},
  pages = {2763-},
  publisher = {{IAES Institute of Advanced Engineering and Science}},
  location = {Yogyakarta},
  issn = {2088-8708},
  doi = {10.11591/ijece.v10i3.pp2763-2772},
  langid = {english}
}

@article{RochadePaulaEtAl2016,
  title = {A Fast Meta-Heuristic Approach for the ({$\alpha$},{$\beta$})-k-Feature Set Problem},
  author = {Rocha de Paula, Mateus and Berretta, Regina and Moscato, Pablo},
  date = {2016},
  journaltitle = {Journal of heuristics},
  volume = {22},
  number = {2},
  pages = {199--220},
  publisher = {Springer US},
  location = {New York},
  issn = {1381-1231},
  doi = {10.1007/s10732-015-9307-0},
  langid = {english}
}

@article{RochadePaulaEtAl2016a,
  title = {A Fast Meta-Heuristic Approach for the \$\$(\textbackslash alpha ,\textbackslash beta )-K\$\$-Feature Set Problem},
  author = {Rocha de Paula, Mateus and Berretta, Regina and Moscato, Pablo},
  date = {2016-04-01},
  journaltitle = {Journal of Heuristics},
  shortjournal = {J Heuristics},
  volume = {22},
  number = {2},
  pages = {199--220},
  issn = {1572-9397},
  doi = {10.1007/s10732-015-9307-0},
  url = {https://doi.org/10.1007/s10732-015-9307-0},
  urldate = {2024-05-16},
  langid = {english}
}

@article{SadeghianEtAl2023,
  title = {A Review of Feature Selection Methods Based on Meta-Heuristic Algorithms},
  author = {Sadeghian, Zohre and Akbari, Ebrahim and Nematzadeh, Hossein and Motameni, Homayun},
  date = {2023},
  journaltitle = {Journal of experimental \& theoretical artificial intelligence},
  volume = {ahead-of-print},
  pages = {1--51},
  publisher = {Taylor \& Francis},
  issn = {0952-813X},
  doi = {10.1080/0952813X.2023.2183267},
  issue = {ahead-of-print},
  langid = {english}
}

@incollection{Salas-FernandezEtAl2021,
  title = {Metaheuristic {{Techniques}} in {{Attack}} and {{Defense Strategies}} for {{Cybersecurity}}: {{A~Systematic Review}}},
  shorttitle = {Metaheuristic {{Techniques}} in {{Attack}} and {{Defense Strategies}} for {{Cybersecurity}}},
  booktitle = {Artificial {{Intelligence}} for {{Cyber Security}}: {{Methods}}, {{Issues}} and {{Possible Horizons}} or {{Opportunities}}},
  author = {Salas-Fern\'andez, Agust\'in and Crawford, Broderick and Soto, Ricardo and Misra, Sanjay},
  editor = {Misra, Sanjay and Kumar Tyagi, Amit},
  date = {2021},
  series = {Studies in {{Computational Intelligence}}},
  pages = {449--467},
  publisher = {Springer International Publishing},
  location = {Cham},
  doi = {10.1007/978-3-030-72236-4_18},
  url = {https://doi.org/10.1007/978-3-030-72236-4_18},
  urldate = {2024-03-01},
  isbn = {978-3-030-72236-4},
  langid = {english}
}

@article{SallahEtAl2022,
  title = {Machine Learning Interpretability to Detect Fake Accounts in Instagram},
  author = {Sallah, Amine and Abdellaoui Alaoui, El Arbi and Agoujil, Said and Nayyar, Anand},
  date = {2022},
  journaltitle = {International journal of information security and privacy},
  volume = {16},
  number = {1},
  pages = {1--25},
  publisher = {IGI Global},
  issn = {1930-1650},
  doi = {10.4018/IJISP.303665},
  langid = {eng ; ndo}
}

@article{SansonettiEtAl2020,
  title = {Unreliable {{Users Detection}} in {{Social Media}}: {{Deep Learning Techniques}} for {{Automatic Detection}}},
  shorttitle = {Unreliable {{Users Detection}} in {{Social Media}}},
  author = {Sansonetti, Giuseppe and Gasparetti, Fabio and D'aniello, Giuseppe and Micarelli, Alessandro},
  date = {2020},
  journaltitle = {IEEE Access},
  volume = {8},
  pages = {213154--213167},
  issn = {2169-3536},
  doi = {10.1109/ACCESS.2020.3040604},
  url = {https://ieeexplore.ieee.org/abstract/document/9269985},
  urldate = {2024-03-01},
  eventtitle = {{{IEEE Access}}}
}

@online{Williams2018,
  title = {Instagram May Have {{95M}} Bot Accounts, {{The Information}} Reports},
  author = {Williams, Robert},
  date = {2018-07-19},
  url = {https://www.marketingdive.com/news/instagram-may-have-95m-bot-accounts-the-information-reports/528141/},
  urldate = {2024-03-10},
  langid = {american},
  organization = {Marketing Dive}
}

@article{ZoltanWeigand2023,
  title = {From {{Provoking Emotions}} to Fake {{Images}}: {{The Recurring Signs}} of Fake News and {{Phishing Scams Spreading}} on {{Social Media}} in {{Hungary}}, {{Romania}} and {{Slovakia}}},
  shorttitle = {From {{Provoking Emotions}} to Fake {{Images}}},
  author = {Zolt\'an, Kenyeres Attila and Weigand, Lauren},
  date = {2023-07-04},
  journaltitle = {European Conference on Cyber Warfare and Security},
  shortjournal = {eccws},
  volume = {22},
  number = {1},
  pages = {726--732},
  issn = {2048-8610},
  doi = {10.34190/eccws.22.1.1547},
  url = {https://papers.academic-conferences.org/index.php/eccws/article/view/1547},
  urldate = {2024-03-10},
  issue = {1},
  langid = {english}
}
